<record><leader>00000cas a2200000 a 4500</leader><controlfield tag="001">47620155</controlfield><controlfield tag="008">010720c19959999nyuqr ne      0    0eng c</controlfield><datafield ind1=" " ind2=" " tag="010"><subfield code="a">sn2001061828</subfield></datafield><datafield ind1=" " ind2=" " tag="040"><subfield code="a">NYS</subfield><subfield code="b">eng</subfield><subfield code="c">NYS</subfield><subfield code="d">NYG</subfield><subfield code="d">OCLCQ</subfield><subfield code="d">OCLCF</subfield></datafield><datafield ind1="1" ind2=" " tag="029"><subfield code="a">AU@</subfield><subfield code="b">000022850309</subfield></datafield><datafield ind1=" " ind2=" " tag="037"><subfield code="b">Hudson/Park Neighborhood Association, PO Box 2313-ESP, Albany, NY 12220</subfield></datafield><datafield ind1=" " ind2=" " tag="042"><subfield code="a">pcc</subfield></datafield><datafield ind1=" " ind2=" " tag="043"><subfield code="a">n-us-ny</subfield></datafield><datafield ind1="0" ind2="4" tag="082"><subfield code="a">974.742</subfield></datafield><datafield ind1="0" ind2="0" tag="245"><subfield code="a">Capital neighbors.</subfield></datafield><datafield ind1="3" ind2="0" tag="246"><subfield code="a">Neighbors</subfield></datafield><datafield ind1=" " ind2=" " tag="260"><subfield code="a">Albany, N.Y. :</subfield><subfield code="b">Pastures, Mansion, Center Square, Hudson/Park and Washington Park Neighborhood Associations</subfield></datafield><datafield ind1=" " ind2=" " tag="300"><subfield code="a">v. :</subfield><subfield code="b">ill. (some col.) ;</subfield><subfield code="c">44 cm.</subfield></datafield><datafield ind1=" " ind2=" " tag="310"><subfield code="a">Quarterly</subfield></datafield><datafield ind1="0" ind2=" " tag="362"><subfield code="a">Spring 1995-</subfield></datafield><datafield ind1=" " ind2=" " tag="500"><subfield code="a">"A Newspaper For And About Albany's Historic Neighborhoods."</subfield></datafield><datafield ind1=" " ind2=" " tag="515"><subfield code="a">First issue lacks volume numbering, but constitutes vol. 1, no. 1.</subfield></datafield><datafield ind1=" " ind2=" " tag="588"><subfield code="a">Description based on: Vol. 1, no. 2 (summer 1995).</subfield></datafield><datafield ind1=" " ind2=" " tag="588"><subfield code="a">Latest issue consulted: Vol. 17, no. 2 (July 17, 2011).</subfield></datafield><datafield ind1=" " ind2="0" tag="650"><subfield code="a">City planning</subfield><subfield code="z">New York (State)</subfield><subfield code="z">Albany.</subfield></datafield><datafield ind1=" " ind2="0" tag="650"><subfield code="a">Urban renewal</subfield><subfield code="z">New York (State)</subfield><subfield code="z">Albany.</subfield></datafield><datafield ind1=" " ind2="0" tag="650"><subfield code="a">Historic preservation</subfield><subfield code="z">New York (State)</subfield><subfield code="z">Albany.</subfield></datafield><datafield ind1=" " ind2="0" tag="651"><subfield code="a">Albany (N.Y.)</subfield><subfield code="v">Newspapers.</subfield></datafield><datafield ind1=" " ind2="0" tag="651"><subfield code="a">Albany County (N.Y.)</subfield><subfield code="v">Newspapers.</subfield></datafield><datafield ind1=" " ind2="7" tag="655"><subfield code="a">Community newspapers</subfield><subfield code="z">New York (State)</subfield><subfield code="z">Albany.</subfield><subfield code="2">ngl</subfield></datafield><datafield ind1=" " ind2="7" tag="655"><subfield code="a">Newspapers.</subfield><subfield code="2">fast</subfield><subfield code="0">(OCoLC)fst01423814</subfield></datafield><datafield ind1=" " ind2="7" tag="650"><subfield code="a">City planning.</subfield><subfield code="2">fast</subfield><subfield code="0">(OCoLC)fst00862177</subfield></datafield><datafield ind1=" " ind2="7" tag="650"><subfield code="a">Historic preservation.</subfield><subfield code="2">fast</subfield><subfield code="0">(OCoLC)fst00957821</subfield></datafield><datafield ind1=" " ind2="7" tag="650"><subfield code="a">Urban renewal.</subfield><subfield code="2">fast</subfield><subfield code="0">(OCoLC)fst01162536</subfield></datafield><datafield ind1=" " ind2="7" tag="651"><subfield code="a">New York (State)</subfield><subfield code="z">Albany.</subfield><subfield code="2">fast</subfield><subfield code="0">(OCoLC)fst01225716</subfield></datafield><datafield ind1=" " ind2="7" tag="651"><subfield code="a">New York (State)</subfield><subfield code="z">Albany County.</subfield><subfield code="2">fast</subfield><subfield code="0">(OCoLC)fst01210357</subfield></datafield><datafield ind1=" " ind2=" " tag="752"><subfield code="a">United States</subfield><subfield code="b">New York</subfield><subfield code="c">Albany</subfield><subfield code="d">Albany.</subfield></datafield></record>